@book{lamport_latex_1994,
    edition = {2nd},
    title = {{LaTeX}: {A} {Document} {Preparation} {System}, 2nd {Edition}},
    isbn = {978-0-201-52983-8},
    publisher = {Addison-Wesley Professional.},
    author = {Lamport, Leslie},
    month = jun,
    year = {1994}
}